<?xml version="1.0" encoding="UTF-8"?><collection xmlns="http://www.loc.gov/MARC21/slim"><record><leader>00341nam--2200121-i-4500</leader><controlfield tag="001">000025363</controlfield><controlfield tag="002">20161230</controlfield><controlfield tag="005">20161230201035</controlfield><controlfield tag="008">060222s1000------------r-----000-0-eng-d</controlfield><datafield ind1=" " ind2=" " tag="080"><subfield code="a">669.822:621.039.85</subfield></datafield><datafield ind1=" " ind2=" " tag="245"><subfield code="a">Imbogatirea uraniului natural in izotopi u235</subfield></datafield><datafield ind1=" " ind2=" " tag="260"><subfield code="a">Bucuresti, Institutul De Documentare Tehnica, 1967. 10p</subfield></datafield><datafield ind1=" " ind2=" " tag="852"><subfield code="a">D 1213</subfield></datafield></record></collection>